% references for project proposal 

% ==============================================

% reference by Weilin

% background %
@article{scire2017,
author = {Jianhong, Mou and Liu, Chuchu and Chen, Saran and Huang, Ge and Lu, Xin},
year = {2017},
month = {12},
pages = {},
title = {Temporal Characteristics of the Chinese Aviation Network and their Effects on the Spread of Infectious Diseases},
volume = {7},
journal = {Scientific Reports},
doi = {10.1038/s41598-017-01380-5}
}

% Percolation Model %
@article{CROCCOLO2020110077,
title = "Spreading of infections on random graphs: A percolation-type model for COVID-19",
journal = "Chaos, Solitons & Fractals",
volume = "139",
pages = "110077",
year = "2020",
issn = "0960-0779",
doi = "https://doi.org/10.1016/j.chaos.2020.110077",
url = "http://www.sciencedirect.com/science/article/pii/S0960077920304744",
author = "Fabrizio Croccolo and H. Eduardo Roman",
keywords = "SIR Model, Random graphs, Critical percolation, Monte Carlo simulations"
}https://www.overleaf.com/project/5fad2cdf38f2cc251624d8ae

% Percolation Model (Arxiv) %
@misc{mello2020epidemics,
      title={Epidemics, the Ising-model and percolation theory: a comprehensive review focussed on Covid-19}, 
      author={Isys F. Mello and Lucas Squillante and Gabriel O. Gomes and Antonio C. Seridonio and M. de Souza},
      year={2020},
      eprint={2003.11860},
      archivePrefix={arXiv},
      primaryClass={q-bio.PE}
}

% Airline Capacity Change %
@article{10.2307/3003228,
 ISSN = {0361915X},
 URL = {http://www.jstor.org/stable/3003228},
 author = {Arthur S. de Vany},
 journal = {The Bell Journal of Economics},
 number = {1},
 pages = {327--345},
 publisher = {[RAND Corporation, Wiley]},
 title = {The Effect of Price and Entry Regulation on Airline Output, Capacity and Efficiency},
 volume = {6},
 year = {1975}
}


% Effective Resistance %
@article{10.2307/3003228,
 ISSN = {0361915X},
 URL = {http://www.jstor.org/stable/3003228},
 author = {Arthur S. de Vany},
 journal = {The Bell Journal of Economics},
 number = {1},
 pages = {327--345},
 publisher = {[RAND Corporation, Wiley]},
 title = {The Effect of Price and Entry Regulation on Airline Output, Capacity and Efficiency},
 volume = {6},
 year = {1975}
}

% Effective Resistance (Prof. Mao) %
@article{article,
author = {Yang, Changpeng and Mao, Jianfeng and Qian, Xiongwen and Wei, Peng},
year = {2018},
month = {10},
pages = {1-14},
title = {Designing Robust Air Transportation Networks via Minimizing Total Effective Resistance},
volume = {PP},
journal = {IEEE Transactions on Intelligent Transportation Systems},
doi = {10.1109/TITS.2018.2868955}
}

% ==============================================

% reference by Weibin
@article{shen2020prevention,
  title={Prevention and control of COVID-19 in public transportation: experience from China},
  author={Shen, Jin and Duan, Hongyang and Zhang, Baoying and Wang, Jiaqi and Ji, John S and Wang, Jiao and Pan, Lijun and Wang, Xianliang and Zhao, Kangfeng and Ying, Bo and others},
  journal={Environmental pollution},
  pages={115291},
  year={2020},
  publisher={Elsevier}
} 

@article{huang2018air,
  title={Air quality forecast monitoring and its impact on brain health based on big data and the Internet of Things},
  author={Huang, Yuan and Zhao, Qiang and Zhou, Qianyu and Jiang, Wanchang},
  journal={IEEE Access},
  volume={6},
  pages={78678--78688},
  year={2018},
  publisher={IEEE}
}

@article{wangping2020extended,
  title={Extended SIR prediction of the epidemics trend of COVID-19 in Italy and compared with Hunan, China},
  author={Wangping, Jia and Ke, Han and Yang, Song and Wenzhe, Cao and Shengshu, Wang and Shanshan, Yang and Jianwei, Wang and Fuyin, Kou and Penggang, Tai and Jing, Li and others},
  journal={Frontiers in medicine},
  volume={7},
  pages={169},
  year={2020},
  publisher={Frontiers}
}

@article{giordano2020sidarthe,
  title={A SIDARTHE model of COVID-19 epidemic in Italy},
  author={Giordano, Giulia and Blanchini, Franco and Bruno, Raffaele and Colaneri, Patrizio and Di Filippo, Alessandro and Di Matteo, Angela and Colaneri, Marta and others},
  journal={arXiv preprint arXiv:2003.09861},
  year={2020}
}

@article{kucharski2020early,
  title={Early dynamics of transmission and control of COVID-19: a mathematical modelling study},
  author={Kucharski, Adam J and Russell, Timothy W and Diamond, Charlie and Liu, Yang and Edmunds, John and Funk, Sebastian and Eggo, Rosalind M and Sun, Fiona and Jit, Mark and Munday, James D and others},
  journal={The lancet infectious diseases},
  year={2020},
  publisher={Elsevier}
}


% ==============================================

% reference by Fangchen

% 0. Network problem
% 0.0 Network simplex algorithm
@article{orlin1997polynomial,
  title={A polynomial time primal network simplex algorithm for minimum cost flows},
  author={Orlin, James B},
  journal={Mathematical Programming},
  volume={78},
  number={2},
  pages={109--129},
  year={1997},
  publisher={Springer}
}

% 1. Maximum flow problem
% 1.1 Ford–Fulkerson algorithm
@article{stone1977multiprocessor,
  title={Multiprocessor scheduling with the aid of network flow algorithms},
  author={Stone, Harold S.},
  journal={IEEE transactions on Software Engineering},
  number={1},
  pages={85--93},
  year={1977},
  publisher={IEEE}
}

% 1.2 Edmonds–Karp algorithm
@inproceedings{lammich2016formalizing,
  title={Formalizing the edmonds-karp algorithm},
  author={Lammich, Peter and Sefidgar, S Reza},
  booktitle={International Conference on Interactive Theorem Proving},
  pages={219--234},
  year={2016},
  organization={Springer}
}

% 1.3 Dinic's blocking flow algorithm
@article{tarjan1984simple,
  title={A simple version of Karzanov's blocking flow algorithm},
  author={Tarjan, Robert Endre},
  journal={Operations Research Letters},
  volume={2},
  number={6},
  pages={265--268},
  year={1984},
  publisher={Elsevier}
}


% 2. minimum-cost flow problem
% 2.1 Out-of-kilter algorithm
@article{fulkerson1961out,
  title={An out-of-kilter method for minimal-cost flow problems},
  author={Fulkerson, Delbert R},
  journal={Journal of the Society for Industrial and Applied Mathematics},
  volume={9},
  number={1},
  pages={18--27},
  year={1961},
  publisher={SIAM}
}

@article{pla1971out,
  title={An “out-of-kilter” algorithm for solving minimum cost potential problems},
  author={Pla, Jean-Marie},
  journal={Mathematical Programming},
  volume={1},
  number={1},
  pages={275--290},
  year={1971},
  publisher={Springer}
}

% 2.2 
@article{goldberg1989finding,
  title={Finding minimum-cost circulations by canceling negative cycles},
  author={Goldberg, Andrew V and Tarjan, Robert E},
  journal={Journal of the ACM (JACM)},
  volume={36},
  number={4},
  pages={873--886},
  year={1989},
  publisher={ACM New York, NY, USA}
}

% ==============================================
% reference by Chi

% impact 1
@article{maneenop2020impacts,
  title={The impacts of COVID-19 on the global airline industry: An event study approach},
  author={Maneenop, Sakkakom and Kotcharin, Suntichai},
  journal={Journal of air transport management},
  volume={89},
  pages={101920},
  year={2020},
  publisher={Elsevier}
}
% impact 2
@article{ye2020scenarios,
  title={Scenarios for a post-COVID-19 world airline network},
  author={Ye, Jiachen and Ji, Peng and Barthelemy, Marc},
  journal={arXiv preprint arXiv:2007.02109},
  year={2020}
}
% strategy 1
@article{albers2020european,
  title={European airlines' strategic responses to the COVID-19 pandemic (January-May, 2020)},
  author={Albers, Sascha and Rundshagen, Volker},
  journal={Journal of air transport management},
  volume={87},
  pages={101863},
  year={2020},
  publisher={Elsevier}
}
% strategy 2
@article{budd2020european,
  title={European airline response to the COVID-19 pandemic--Contraction, consolidation and future considerations for airline business and management},
  author={Budd, Lucy and Ison, Stephen and Adrienne, Nena},
  journal={Research in Transportation Business \& Management},
  pages={100578},
  year={2020},
  publisher={Elsevier}
}
% model
@article{yan2002passenger,
  title={A passenger demand model for airline flight scheduling and fleet routing},
  author={Yan, Shangyao and Tseng, Chich-Hwang},
  journal={Computers \& Operations Research},
  volume={29},
  number={11},
  pages={1559--1581},
  year={2002},
  publisher={Elsevier}
}
% maximum-flow problem
@article{hafezalkotob2015cooperative,
  title={Cooperative maximum-flow problem under uncertainty in logistic networks},
  author={Hafezalkotob, Ashkan and Makui, Ahmad},
  journal={Applied Mathematics and Computation},
  volume={250},
  pages={593--604},
  year={2015},
  publisher={Elsevier}
}
% algorithm 1
@inproceedings{zhang2010dijkstra,
  title={Dijkstra's algorithm based robust optimization to airline network planning},
  author={Zhang, Yan and Zhang, Jun},
  booktitle={2010 International Conference on Mechanic Automation and Control Engineering},
  pages={2783--2786},
  year={2010},
  organization={IEEE}
}
% algorithm 2
@article{khoo2014bi,
  title={A bi-objective dynamic programming approach for airline green fleet planning},
  author={Khoo, Hooi Ling and Teoh, Lay Eng},
  journal={Transportation Research Part D: Transport and Environment},
  volume={33},
  pages={166--185},
  year={2014},
  publisher={Elsevier}
}
% algorithm 3
@article{kolker2015using,
  title={Using genetic algorithms to solve large-scale airline network planning problems},
  author={K{\"o}lker, Katrin and L{\"u}tjens, Klaus},
  journal={Transportation Research Procedia},
  volume={10},
  pages={900--909},
  year={2015},
  publisher={Elsevier}
}
% algorithm 4 evolutionary computation
@inproceedings{sawai2012reorganizing,
  title={Reorganizing a new generation airline network based on an ant-colony optimization-inspired small-world network},
  author={Sawai, Hidefumi},
  booktitle={2012 IEEE Congress on Evolutionary Computation},
  pages={1--8},
  year={2012},
  organization={IEEE}
}

% cite in the experiment section
%%%%%%%%%%%%%%%%%%%%%%%%%%%%%Zibin Pan; Team 19%%%%%%%%%%%%%%%%%%%%%%%%%%%%%%%%%%%%%%%%%%%%%%%%%%%%%
@misc{geatpy,
title={geatpy: The genetic and evolutionary algorithm toolbox with high performance in python},
author={Jazzbin},
year={2020},
website={http://www.geatpy.com/}
}
%%%%%%%%%%%%%%%%%%%%%%%%%%%%%%%%%%%%%%%%%%%%%%%%%%%%%%%%%%%%%%%%%%%%%%%%%%%%%%%%%%%%%%%%%%%%%%%%%%%%